<record xmlns="http://www.loc.gov/MARC21/slim" xmlns:xsi="http://www.w3.org/2001/XMLSchema-instance" xsi:schemaLocation="http://www.loc.gov/MARC21/slim http://www.loc.gov/standards/marcxml/schema/MARC21slim.xsd"><leader>02330nam a2200457   4500</leader><controlfield tag="001">002740947</controlfield><controlfield tag="003">NNU</controlfield><controlfield tag="006">m        d        </controlfield><controlfield tag="007">cr cn |||m|||a</controlfield><controlfield tag="008">150223s1955    ua      ob    000 0 araod</controlfield><datafield ind1=" " ind2=" " tag="040"><subfield code="a">NNU</subfield><subfield code="b">eng</subfield><subfield code="e">rda</subfield><subfield code="c">NNU</subfield></datafield><datafield ind1=" " ind2=" " tag="043"><subfield code="a">a------</subfield><subfield code="a">f------</subfield></datafield><datafield ind1=" " ind2="4" tag="050"><subfield code="a">BP135.A2</subfield><subfield code="b">I122 1955</subfield></datafield><datafield ind1="1" ind2=" " tag="100"><subfield code="6">880-01</subfield><subfield code="a">Ibn Daqi&#772;q al-&#699;I&#772;d, Muh&#803;ammad ibn &#699;Ali&#772;,</subfield><subfield code="d">1228-1302.</subfield></datafield><datafield ind1="1" ind2="0" tag="245"><subfield code="6">880-02</subfield><subfield code="a">Ih&#803;ka&#772;m al-ah&#803;ka&#772;m :</subfield><subfield code="b">sharh&#803; &#699;Umdat al-ah&#803;ka&#772;m /</subfield><subfield code="c">Muh&#803;ammad ibn &#699;Ali&#772; Ibn Daqi&#772;q al-&#699;I&#772;d.</subfield></datafield><datafield ind1=" " ind2=" " tag="260"><subfield code="6">880-03</subfield><subfield code="a">[Cairo] :</subfield><subfield code="b">Mat&#803;ba&#699;at al-Sunnah al-Muh&#803;ammadi&#772;yah,</subfield><subfield code="c">1955.</subfield></datafield><datafield ind1=" " ind2=" " tag="300"><subfield code="a">online resource (2 volumes)</subfield></datafield><datafield ind1=" " ind2=" " tag="336"><subfield code="a">text</subfield><subfield code="2">rdacontent</subfield></datafield><datafield ind1=" " ind2=" " tag="337"><subfield code="a">computer</subfield><subfield code="2">rdamedia</subfield></datafield><datafield ind1=" " ind2=" " tag="338"><subfield code="a">online resource</subfield><subfield code="2">rdacarrier</subfield></datafield><datafield ind1=" " ind2=" " tag="500"><subfield code="a">Edited by Ah&#803;mad H&#803;a&#772;mid al-Faqi&#772;.</subfield></datafield><datafield ind1=" " ind2=" " tag="500"><subfield code="a">Part of the Arabic Collections Online (ACO) project, contributed by New York Univeristy Libraries.</subfield></datafield><datafield ind1=" " ind2=" " tag="533"><subfield code="a">Electronic reproduction.</subfield><subfield code="b">New York, N.Y. :</subfield><subfield code="c">New York University,</subfield><subfield code="d">2015.</subfield><subfield code="5">NNU</subfield></datafield><datafield ind1="1" ind2="0" tag="600"><subfield code="a">Jamma&#772;&#699;i&#772;li&#772;, &#699;Abd al-Ghani&#772; ibn &#699;Abd al-Wa&#772;h&#803;id,</subfield><subfield code="d">1146-1203.</subfield><subfield code="t">&#699;Umdat al-ah&#803;ka&#772;m.</subfield></datafield><datafield ind1=" " ind2="0" tag="650"><subfield code="a">Islam</subfield><subfield code="x">Customs and practices.</subfield></datafield><datafield ind1=" " ind2="0" tag="650"><subfield code="a">Islamic law</subfield><subfield code="v">Early works to 1800.</subfield></datafield><datafield ind1="0" ind2="7" tag="630"><subfield code="a">&#699;Umdat al-ah&#803;ka&#772;m (Jamma&#772;&#699;i&#772;li&#772;, &#699;Abd al-Ghani&#772; ibn &#699;Abd al-Wa&#772;h&#803;id)</subfield><subfield code="2">fast</subfield><subfield code="0">(OCoLC)fst01369686</subfield></datafield><datafield ind1=" " ind2="7" tag="650"><subfield code="a">Islam</subfield><subfield code="x">Customs and practices.</subfield><subfield code="2">fast</subfield><subfield code="0">(OCoLC)fst00979785</subfield></datafield><datafield ind1=" " ind2="7" tag="650"><subfield code="a">Islamic law.</subfield><subfield code="2">fast</subfield><subfield code="0">(OCoLC)fst00979949</subfield></datafield><datafield ind1=" " ind2="7" tag="655"><subfield code="a">Early works.</subfield><subfield code="2">fast</subfield><subfield code="0">(OCoLC)fst01411636</subfield></datafield><datafield ind1="1" ind2=" " tag="700"><subfield code="6">880-04</subfield><subfield code="a">Faqi&#772;, Ah&#803;mad H&#803;a&#772;mid.</subfield></datafield><datafield ind1="2" ind2=" " tag="710"><subfield code="a">New York University.</subfield><subfield code="b">Libraries.</subfield></datafield><datafield ind1="0" ind2=" " tag="730"><subfield code="a">Arabic Collections Online.</subfield></datafield><datafield ind1="0" ind2="8" tag="776"><subfield code="i">Print version:</subfield><subfield code="a">Ibn Daqi&#772;q al-&#699;I&#772;d, Muh&#803;ammad ibn &#699;Ali&#772;, 1228-1302.</subfield><subfield code="t">Ih&#803;ka&#772;m al-ah&#803;ka&#772;m</subfield><subfield code="w">(NNU)002740947</subfield></datafield><datafield ind1="4" ind2="0" tag="856"><subfield code="u">http://hdl.handle.net/2333.1/nk98shk1</subfield></datafield><datafield ind1="1" ind2=" " tag="880"><subfield code="6">100-01/</subfield><subfield code="a">&#1575;&#1576;&#1606; &#1583;&#1602;&#1610;&#1602; &#1575;&#1604;&#1593;&#1610;&#1583;&#1548; &#1605;&#1581;&#1605;&#1583; &#1576;&#1606; &#1593;&#1604;&#1610;&#1548;</subfield><subfield code="d">1228-1302.</subfield></datafield><datafield ind1="1" ind2="0" tag="880"><subfield code="6">245-02/</subfield><subfield code="a">&#1575;&#1581;&#1603;&#1575;&#1605; &#1575;&#1604;&#1575;&#1581;&#1603;&#1575;&#1605; :</subfield><subfield code="b">&#1588;&#1585;&#1581; &#1593;&#1605;&#1583;&#1577; &#1575;&#1604;&#1575;&#1581;&#1603;&#1575;&#1605; /</subfield><subfield code="c">&#1605;&#1581;&#1605;&#1583; &#1576;&#1606; &#1593;&#1604;&#1610; &#1575;&#1576;&#1606; &#1583;&#1602;&#1610;&#1602; &#1575;&#1604;&#1593;&#1610;&#1583;.</subfield></datafield><datafield ind1=" " ind2=" " tag="880"><subfield code="6">260-03/</subfield><subfield code="a">[&#1575;&#1604;&#1602;&#1575;&#1607;&#1585;&#1577;] :</subfield><subfield code="b">&#1605;&#1591;&#1576;&#1593;&#1577; &#1575;&#1604;&#1587;&#1606;&#1577; &#1575;&#1604;&#1605;&#1581;&#1605;&#1583;&#1610;&#1577;&#1548;</subfield><subfield code="c">1955.</subfield></datafield><datafield ind1="1" ind2=" " tag="880"><subfield code="6">700-04/</subfield><subfield code="a">&#1601;&#1602;&#1610;&#1548; &#1575;&#1581;&#1605;&#1583; &#1581;&#1575;&#1605;&#1583;.</subfield></datafield><datafield ind1=" " ind2=" " tag="959"><subfield code="a">NNU</subfield><subfield code="b">WEB</subfield><subfield code="c">GENI</subfield><subfield code="t">0</subfield><subfield code="m">Electronic access</subfield><subfield code="s">01</subfield></datafield><datafield ind1=" " ind2=" " tag="999"><subfield code="i">NNU_002740947</subfield><subfield code="s">nyu_aco000196:v.1</subfield><subfield code="s">nyu_aco000197:v.2</subfield></datafield></record>